@inproceedings{DBLP:conf/ac/BentonHM00,
	author    = {Nick Benton and
	John Hughes and
	Eugenio Moggi},
	editor    = {Gilles Barthe and
	Peter Dybjer and
	Lu{\'{\i}}s Pinto and
	Jo{\~{a}}o Saraiva},
	title     = {Monads and Effects},
	booktitle = {Applied Semantics, International Summer School, {APPSEM} 2000, Caminha,
	Portugal, September 9-15, 2000, Advanced Lectures},
	series    = {Lecture Notes in Computer Science},
	volume    = {2395},
	pages     = {42--122},
	publisher = {Springer},
	year      = {2000},
	url       = {https://doi.org/10.1007/3-540-45699-6\_2},
	doi       = {10.1007/3-540-45699-6\_2},
	timestamp = {Fri, 17 Jul 2020 11:39:04 +0200},
	biburl    = {https://dblp.org/rec/conf/ac/BentonHM00.bib},
	bibsource = {dblp computer science bibliography, https://dblp.org}
}

@article{DBLP:journals/tcs/HylandPP06,
	author    = {Martin Hyland and
	Gordon D. Plotkin and
	John Power},
	title     = {Combining effects: Sum and tensor},
	journal   = {Theor. Comput. Sci.},
	volume    = {357},
	number    = {1-3},
	pages     = {70--99},
	year      = {2006},
	url       = {https://doi.org/10.1016/j.tcs.2006.03.013},
	doi       = {10.1016/j.tcs.2006.03.013},
	timestamp = {Fri, 30 Nov 2018 13:25:24 +0100},
	biburl    = {https://dblp.org/rec/journals/tcs/HylandPP06.bib},
	bibsource = {dblp computer science bibliography, https://dblp.org}
}


@article{DBLP:journals/jfp/BentonK01,
	author    = {Nick Benton and
	Andrew Kennedy},
	title     = {Exceptional Syntax Journal of Functional Programming},
	journal   = {J. Funct. Program.},
	volume    = {11},
	number    = {4},
	pages     = {395--410},
	year      = {2001},
	url       = {https://doi.org/10.1017/S0956796801004099},
	doi       = {10.1017/S0956796801004099},
	timestamp = {Sat, 27 May 2017 14:24:34 +0200},
	biburl    = {https://dblp.org/rec/journals/jfp/BentonK01.bib},
	bibsource = {dblp computer science bibliography, https://dblp.org}
}

@inproceedings{DBLP:conf/popl/Filinski99,
	author    = {Andrzej Filinski},
	editor    = {Andrew W. Appel and
	Alex Aiken},
	title     = {Representing Layered Monads},
	booktitle = {{POPL} '99, Proceedings of the 26th {ACM} {SIGPLAN-SIGACT} Symposium
	on Principles of Programming Languages, San Antonio, TX, USA, January
	20-22, 1999},
	pages     = {175--188},
	publisher = {{ACM}},
	year      = {1999},
	url       = {https://doi.org/10.1145/292540.292557},
	doi       = {10.1145/292540.292557},
	timestamp = {Tue, 06 Nov 2018 11:07:43 +0100},
	biburl    = {https://dblp.org/rec/conf/popl/Filinski99.bib},
	bibsource = {dblp computer science bibliography, https://dblp.org}
}



@article{DBLP:journals/lisp/Levy06,
	author    = {Paul Blain Levy},
	title     = {Call-by-push-value: Decomposing call-by-value and call-by-name},
	journal   = {High. Order Symb. Comput.},
	volume    = {19},
	number    = {4},
	pages     = {377--414},
	year      = {2006},
	url       = {https://doi.org/10.1007/s10990-006-0480-6},
	doi       = {10.1007/s10990-006-0480-6},
	timestamp = {Thu, 05 Mar 2020 12:05:02 +0100},
	biburl    = {https://dblp.org/rec/journals/lisp/Levy06.bib},
	bibsource = {dblp computer science bibliography, https://dblp.org}
}



@inproceedings{DBLP:journals/entcs/Levy06a,
	author    = {Paul Blain Levy},
	editor    = {Stephen D. Brookes and
	Michael W. Mislove},
	title     = {Monads and Adjunctions for Global Exceptions},
	booktitle = {Proceedings of the 22nd Annual Conference on Mathematical Foundations
	of Programming Semantics, {MFPS} 2006, Genova, Italy, May 23-27, 2006},
	series    = {Electronic Notes in Theoretical Computer Science},
	volume    = {158},
	pages     = {261--287},
	publisher = {Elsevier},
	year      = {2006},
	url       = {https://doi.org/10.1016/j.entcs.2006.04.014},
	doi       = {10.1016/j.entcs.2006.04.014},
	timestamp = {Mon, 13 Jan 2020 15:55:13 +0100},
	biburl    = {https://dblp.org/rec/journals/entcs/Levy06a.bib},
	bibsource = {dblp computer science bibliography, https://dblp.org}
}

@inproceedings{DBLP:conf/lics/PlotkinP08,
	author    = {Gordon D. Plotkin and
	Matija Pretnar},
	title     = {A Logic for Algebraic Effects},
	booktitle = {Proceedings of the Twenty-Third Annual {IEEE} Symposium on Logic in
	Computer Science, {LICS} 2008, 24-27 June 2008, Pittsburgh, PA, {USA}},
	pages     = {118--129},
	publisher = {{IEEE} Computer Society},
	year      = {2008},
	url       = {https://doi.org/10.1109/LICS.2008.45},
	doi       = {10.1109/LICS.2008.45},
	timestamp = {Wed, 16 Oct 2019 14:14:54 +0200},
	biburl    = {https://dblp.org/rec/conf/lics/PlotkinP08.bib},
	bibsource = {dblp computer science bibliography, https://dblp.org}
}

